% This file was created with JabRef 2.8.1.
% Encoding: Cp1252

@BOOK{Gamedevelopment,
  title = {\textit{Game development and production}},
  publisher = {Worldware Publishing, Inc.},
  year = {2003},
  editor = {NaN},
  author = {Erik Bethke},
  owner = {Johan},
  timestamp = {2014.12.09}
}

@BOOK{Gameprod,
  title = {\texit{The Game Production Handbook}},
  publisher = {Heather Maxwell Chandler},
  year = {2008},
  editor = {NaN},
  author = {Heather Maxwell Chandler},
  owner = {Johan 'Jizztærsker'},
  timestamp = {2014.12.09}
}

@BOOK{Gamedesign,
  title = {\texit{Game Design Workshop}},
  publisher = {Morgan Kaufmann Publishers},
  year = {2008},
  editor = {NaN},
  author = {Tracy Fullerton},
  owner = {Johan 'Jizztærsker'},
  timestamp = {2014.12.09}
}

@MISC{tcpdesc,
  author = {Information Sciences Institute, University of Southern California},
  title = {\textit{DARPA Internet Program Protocal Specification}},
  month = {October 23},
  year = {2014},
  note = {http://tools.ietf.org/pdf/rfc791.pdf},
  owner = {Casper},
  timestamp = {2014.10.23}
}

@MISC{udpdesc,
  author = {J. Postel, ISI},
  title = {\textit{User Datagram Protocol}},
  month = {October 23},
  year = {2014},
  note = {http://tools.ietf.org/rfc/rfc768.txt},
  owner = {Casper},
  timestamp = {2014.10.23}
}

@MISC{adv-game,
  author = {Adventure Game Studios},
  title = {\textit{Adventure Game Studios}},
  howpublished = {URL},
  month = {December 2},
  year = {2014},
  note = {@MISC{wiki-tcp,
	
	 author = {Adventure Game Studios},
	
	 title = {\textit{Adventure Game Studios}},
	
	 month = {December 2},
	
	 year = {2014},
	
	 note = {http://www.adventuregamestudio.co.uk/},
	
	 owner = {Johan}
	
	}},
  owner = {Johan},
  timestamp = {2014.12.02}
}

@MISC{tdccoverage,
  author = {TDC},
  title = {\textit{DÃ¦kning}},
  month = {October 6},
  year = {2014},
  owner = {Morten}
}

@MISC{wiki-moving-average,
  author = {Wikipedia},
  title = {\textit{Moving average}},
  month = {October 20},
  year = {2014},
  note = {http://en.wikipedia.org/wiki/Moving\_average},
  owner = {Christoffer}
}

@MISC{wiki-tcp,
  author = {Wikipedia},
  title = {\textit{Transmission Control Protocol}},
  month = {October 12},
  year = {2014},
  note = {http://en.wikipedia.org/wiki/Transmission\_Control\_Protocol},
  owner = {Dan}
}

