% This file was created with JabRef 2.8.1.
% Encoding: Cp1252

%@MISC{example,
  author = {Christian Mortensen and Brian Holbech and Nedim ÄŒokljat},
  month = {May 30},
  year = {2013},
  title = {\textit{Name - An application for...}},
  owner = {Kristian}
}
